@Manual{R-base,
  title = {R: A Language and Environment for Statistical Computing},
  author = {{R Core Team}},
  organization = {R Foundation for Statistical Computing},
  address = {Vienna, Austria},
  year = {2022},
  url = {https://www.R-project.org/},
}
@Manual{R-papaja,
  title = {{papaja}: {Prepare} reproducible {APA} journal articles with {R Markdown}},
  author = {Frederik Aust and Marius Barth},
  year = {2023},
  note = {R package version 0.1.2.9000},
  url = {https://github.com/crsh/papaja},
}
@Manual{R-tinylabels,
  title = {{tinylabels}: Lightweight Variable Labels},
  author = {Marius Barth},
  year = {2023},
  note = {R package version 0.2.4},
  url = {https://cran.r-project.org/package=tinylabels},
}
@Manual{redesign-school-survey,
	author = {The Research Alliance for New York City Schools},
	title = {{R}edesigning the {A}nnual {N}{Y}{C} {S}chool {S}urvey: {L}essons from a {R}esearch-{P}ractice {P}artnership},
	howpublished = {\url{https://steinhardt.nyu.edu/sites/default/files/2021-01/Lessons_from_a_Research-Practice_Partnership.pdf}},
	year = {2018},
	note = {[Accessed 08-11-2023]},
}
